@article{venette1998influence,
  title={Influence of bacterial type and density on population growth of bacterial-feeding nematodes},
  author={Venette, RC and Ferris, H},
  journal={Soil Biology and Biochemistry},
  volume={30},
  number={7},
  pages={949--960},
  year={1998},
  publisher={Elsevier}
}
@article{perret1960new,
  title={A new kinetic model of a growing bacterial population},
  author={Perret, CJ},
  journal={Microbiology},
  volume={22},
  number={3},
  pages={589--617},
  year={1960},
  publisher={Microbiology Society}
}
@article{linton1995use,
  title={Use of a modified Gompertz equation to model nonlinear survival curves for Listeria monocytogenes Scott A},
  author={Linton, RH and Carter, WH and Pierson, MD and Hackney, CR},
  journal={Journal of Food Protection},
  volume={58},
  number={9},
  pages={946--954},
  year={1995},
  publisher={International Association for Food Protection}
}

@article{xiong1999mathematical,
  title={A mathematical model for bacterial inactivation},
  author={Xiong, R and Xie, G and Edmondson, AE and Sheard, MA},
  journal={International journal of food microbiology},
  volume={46},
  number={1},
  pages={45--55},
  year={1999},
  publisher={Elsevier}
}

@article{grijspeerdt1999estimating,
  title={Estimating the parameters of the Baranyi model for bacterial growth},
  author={Grijspeerdt, Koen and Vanrolleghem, Peter},
  journal={Food microbiology},
  volume={16},
  number={6},
  pages={593--605},
  year={1999},
  publisher={London; Orlando: Academic Press, c1984-}
}

@article{xiong1999comparison,
  title={Comparison of the Baranyi model with the modified Gompertz equation for modelling thermal inactivation of Listeria monocytogenes Scott A},
  author={Xiong, R and Xie, G and Edmondson, AS and Linton, RH and Sheard, MA},
  journal={Food Microbiology},
  volume={16},
  number={3},
  pages={269--279},
  year={1999},
  publisher={Elsevier}
}

@article{claeskens2008model,
  title={Model selection and model averaging},
  author={Claeskens, Gerda and Hjort, Nils Lid and others},
  journal={Cambridge Books},
  year={2008},
  publisher={Cambridge University Press}
}

@article{zwietering1990modeling,
  title={Modeling of the bacterial growth curve},
  author={Zwietering, MH and Jongenburger, Il and Rombouts, FM and Van't Riet, KJAEM},
  journal={Appl. Environ. Microbiol.},
  volume={56},
  number={6},
  pages={1875--1881},
  year={1990},
  publisher={Am Soc Microbiol}
}